<?xml version="1.0" encoding="UTF-8"?><record xmlns="http://www.loc.gov/MARC21/slim" xmlns:cinclude="http://apache.org/cocoon/include/1.0" xmlns:zs="http://www.loc.gov/zing/srw/">
  <leader>00554cz  a2200157n  4500</leader>
  <controlfield tag="001">n  96040240 </controlfield>
  <controlfield tag="003">DLC</controlfield>
  <controlfield tag="005">20040706120212.0</controlfield>
  <controlfield tag="008">960424n| acannaabn          |a aaa      </controlfield>
  <datafield tag="010" ind1=" " ind2=" ">
    <subfield code="a">n  96040240 </subfield>
  </datafield>
  <datafield tag="035" ind1=" " ind2=" ">
    <subfield code="a">(OCoLC)oca04064575</subfield>
  </datafield>
  <datafield tag="040" ind1=" " ind2=" ">
    <subfield code="a">DLC</subfield>
    <subfield code="b">eng</subfield>
    <subfield code="c">DLC</subfield>
    <subfield code="d">OCoLC</subfield>
  </datafield>
  <datafield tag="100" ind1="1" ind2=" ">
    <subfield code="a">Rodríguez López, Antonio</subfield>
  </datafield>
  <datafield tag="400" ind1="1" ind2=" ">
    <subfield code="a">López, Antonio Rodríguez</subfield>
  </datafield>
  <datafield tag="670" ind1=" " ind2=" ">
    <subfield code="a">Drogodependencias, 1994-</subfield>
    <subfield code="b">t.p. (Antonio Rodríguez López)</subfield>
  </datafield>
  <datafield tag="670" ind1=" " ind2=" ">
    <subfield code="a">Antropoloxía e psiquiatría, 2003:</subfield>
    <subfield code="b">front cover flap (b. 1933 ; biog.) p. [7] (Antonio Rodríguez Lopez (1933-2002))</subfield>
  </datafield>
</record>